

@INPROCEEDINGS{545307, 
author={B. Shneiderman}, 
booktitle={Proceedings 1996 IEEE Symposium on Visual Languages}, 
title={The eyes have it: a task by data type taxonomy for information visualizations}, 
year={1996}, 
volume={}, 
number={}, 
pages={336-343}
}
@article{WardB13a,
  author    = {Jonathan Stuart Ward and
               Adam Barker},
  title     = {Undefined By Data: {A} Survey of Big Data Definitions},
  journal   = {CoRR},
  volume    = {abs/1309.5821},
  year      = {2013}
}


@inproceedings{1878880183,
   month = 	 {6},
   year = 	 {2017},
   author = 	 {Amin M. Khan and  Daniel Gon{\c c}alves and  Duarte C. Le{\~a}o},
   booktitle = 	 {Proceedings EuroVis 2017},
   publisher = 	 {Eurographics},
   title = 	 {Towards and Adaptive Framework for Real-Time Visualization of Streaming Big Data},
   days = 	 {12-16},
}